%YAML 1.1
%TAG !u! tag:unity3d.com,2011:
--- !u!1001 &100100000
Prefab:
  m_ObjectHideFlags: 1
  serializedVersion: 2
  m_Modification:
    m_TransformParent: {fileID: 0}
    m_Modifications: []
    m_RemovedComponents: []
  m_ParentPrefab: {fileID: 0}
  m_RootGameObject: {fileID: 1622691532001352}
  m_IsPrefabParent: 1
--- !u!1 &1218793912806284
GameObject:
  m_ObjectHideFlags: 0
  m_PrefabParentObject: {fileID: 0}
  m_PrefabInternal: {fileID: 100100000}
  serializedVersion: 5
  m_Component:
  - component: {fileID: 4312545811779086}
  - component: {fileID: 114328374463794470}
  - component: {fileID: 114223180528498890}
  - component: {fileID: 114523504883016920}
  - component: {fileID: 114776540148418996}
  m_Layer: 5
  m_Name: Label
  m_TagString: Untagged
  m_Icon: {fileID: 0}
  m_NavMeshLayer: 0
  m_StaticEditorFlags: 0
  m_IsActive: 1
--- !u!1 &1622691532001352
GameObject:
  m_ObjectHideFlags: 0
  m_PrefabParentObject: {fileID: 0}
  m_PrefabInternal: {fileID: 100100000}
  serializedVersion: 5
  m_Component:
  - component: {fileID: 4980664107735708}
  - component: {fileID: 114904248754580924}
  - component: {fileID: 114877099358031572}
  - component: {fileID: 114430102845636202}
  m_Layer: 5
  m_Name: Back_Key_to_Exit_Panel
  m_TagString: Untagged
  m_Icon: {fileID: 0}
  m_NavMeshLayer: 0
  m_StaticEditorFlags: 0
  m_IsActive: 1
--- !u!4 &4312545811779086
Transform:
  m_ObjectHideFlags: 1
  m_PrefabParentObject: {fileID: 0}
  m_PrefabInternal: {fileID: 100100000}
  m_GameObject: {fileID: 1218793912806284}
  m_LocalRotation: {x: 0, y: 0, z: 0, w: 1}
  m_LocalPosition: {x: 0, y: 35, z: -28.38}
  m_LocalScale: {x: 27.19813, y: 27.19813, z: 0.5439626}
  m_Children: []
  m_Father: {fileID: 4980664107735708}
  m_RootOrder: 0
  m_LocalEulerAnglesHint: {x: 0, y: 0, z: 0}
--- !u!4 &4980664107735708
Transform:
  m_ObjectHideFlags: 1
  m_PrefabParentObject: {fileID: 0}
  m_PrefabInternal: {fileID: 100100000}
  m_GameObject: {fileID: 1622691532001352}
  m_LocalRotation: {x: -0, y: -0, z: -0, w: 1}
  m_LocalPosition: {x: 0, y: -359.99997, z: 0}
  m_LocalScale: {x: 1, y: 1, z: 1}
  m_Children:
  - {fileID: 4312545811779086}
  m_Father: {fileID: 0}
  m_RootOrder: 0
  m_LocalEulerAnglesHint: {x: 0, y: 0, z: 0}
--- !u!114 &114223180528498890
MonoBehaviour:
  m_ObjectHideFlags: 1
  m_PrefabParentObject: {fileID: 0}
  m_PrefabInternal: {fileID: 100100000}
  m_GameObject: {fileID: 1218793912806284}
  m_Enabled: 1
  m_EditorHideFlags: 0
  m_Script: {fileID: 11500000, guid: 9e2747e3775af504da1a4d5a46c5a1ce, type: 3}
  m_Name: 
  m_EditorClassIdentifier: 
  method: 0
  style: 0
  animationCurve:
    serializedVersion: 2
    m_Curve:
    - serializedVersion: 2
      time: 0
      value: 0
      inSlope: 0
      outSlope: 1
      tangentMode: 0
    - serializedVersion: 2
      time: 1
      value: 1
      inSlope: 1
      outSlope: 0
      tangentMode: 0
    m_PreInfinity: 2
    m_PostInfinity: 2
    m_RotationOrder: 4
  ignoreTimeScale: 1
  delay: 0
  duration: 0.3
  steeperCurves: 0
  tweenGroup: 0
  eventReceiver: {fileID: 0}
  callWhenFinished: 
  from: 0
  to: 1
--- !u!114 &114328374463794470
MonoBehaviour:
  m_ObjectHideFlags: 1
  m_PrefabParentObject: {fileID: 0}
  m_PrefabInternal: {fileID: 100100000}
  m_GameObject: {fileID: 1218793912806284}
  m_Enabled: 1
  m_EditorHideFlags: 0
  m_Script: {fileID: 11500000, guid: e9d0b5f3bbe925a408bd595c79d0bf63, type: 3}
  m_Name: 
  m_EditorClassIdentifier: 
  mColor: {r: 1, g: 1, b: 1, a: 0}
  mPivot: 4
  mDepth: 90
  mFont: {fileID: 114181438326523594, guid: 319195844825ff04e8579a77a798bdda, type: 2}
  mText: "\uC774\uC804 \uBC84\uD2BC\uC744 \uD55C\uBC88 \uB354 \uB204\uB974\uBA74 \uC885\uB8CC\uAC00
    \uB429\uB2C8\uB2E4"
  mMaxLineWidth: 0
  mMaxLineHeight: 0
  mEncoding: 1
  mMaxLineCount: 0
  mPassword: 0
  mShowLastChar: 0
  mEffectStyle: 2
  mEffectColor: {r: 0, g: 0, b: 0, a: 1}
  mSymbols: 1
  mEffectDistance: {x: 2, y: 1}
  mShrinkToFit: 0
  mLineWidth: 0
  mMultiline: 1
--- !u!114 &114430102845636202
MonoBehaviour:
  m_ObjectHideFlags: 1
  m_PrefabParentObject: {fileID: 0}
  m_PrefabInternal: {fileID: 100100000}
  m_GameObject: {fileID: 1622691532001352}
  m_Enabled: 1
  m_EditorHideFlags: 0
  m_Script: {fileID: 11500000, guid: 8526aa90c60c0a849997fdb6ece0b06f, type: 3}
  m_Name: 
  m_EditorClassIdentifier: 
--- !u!114 &114523504883016920
MonoBehaviour:
  m_ObjectHideFlags: 1
  m_PrefabParentObject: {fileID: 0}
  m_PrefabInternal: {fileID: 100100000}
  m_GameObject: {fileID: 1218793912806284}
  m_Enabled: 1
  m_EditorHideFlags: 0
  m_Script: {fileID: 11500000, guid: 9e2747e3775af504da1a4d5a46c5a1ce, type: 3}
  m_Name: 
  m_EditorClassIdentifier: 
  method: 0
  style: 0
  animationCurve:
    serializedVersion: 2
    m_Curve:
    - serializedVersion: 2
      time: 0
      value: 0
      inSlope: 0
      outSlope: 1
      tangentMode: 0
    - serializedVersion: 2
      time: 1
      value: 1
      inSlope: 1
      outSlope: 0
      tangentMode: 0
    m_PreInfinity: 2
    m_PostInfinity: 2
    m_RotationOrder: 4
  ignoreTimeScale: 1
  delay: 2
  duration: 0.3
  steeperCurves: 0
  tweenGroup: 0
  eventReceiver: {fileID: 0}
  callWhenFinished: 
  from: 1
  to: 0
--- !u!114 &114776540148418996
MonoBehaviour:
  m_ObjectHideFlags: 1
  m_PrefabParentObject: {fileID: 0}
  m_PrefabInternal: {fileID: 100100000}
  m_GameObject: {fileID: 1218793912806284}
  m_Enabled: 1
  m_EditorHideFlags: 0
  m_Script: {fileID: 11500000, guid: 19793d110b4b970429588b1beb87aa35, type: 3}
  m_Name: 
  m_EditorClassIdentifier: 
  _GameObject: {fileID: 1622691532001352}
  Delay: 2.3
  _Start: 1
--- !u!114 &114877099358031572
MonoBehaviour:
  m_ObjectHideFlags: 1
  m_PrefabParentObject: {fileID: 0}
  m_PrefabInternal: {fileID: 100100000}
  m_GameObject: {fileID: 1622691532001352}
  m_Enabled: 1
  m_EditorHideFlags: 0
  m_Script: {fileID: 11500000, guid: c8077b76001d36d489868d20d28bddb9, type: 3}
  m_Name: 
  m_EditorClassIdentifier: 
  uiCamera: {fileID: 0}
  widgetContainer: {fileID: 0}
  panelContainer: {fileID: 0}
  side: 7
  halfPixelOffset: 1
  runOnlyOnce: 0
  relativeOffset: {x: 0, y: 0}
  pixelOffset: {x: 0, y: 0}
--- !u!114 &114904248754580924
MonoBehaviour:
  m_ObjectHideFlags: 1
  m_PrefabParentObject: {fileID: 0}
  m_PrefabInternal: {fileID: 100100000}
  m_GameObject: {fileID: 1622691532001352}
  m_Enabled: 1
  m_EditorHideFlags: 0
  m_Script: {fileID: 11500000, guid: ae942c9068183dc40a9d01f648273726, type: 3}
  m_Name: 
  m_EditorClassIdentifier: 
  sortByDepth: 1
  showInPanelTool: 1
  generateNormals: 0
  depthPass: 0
  widgetsAreStatic: 0
  cullWhileDragging: 0
  worldToLocal:
    e00: 360
    e01: 0
    e02: 0
    e03: 7082.329
    e10: 0
    e11: 360
    e12: 0
    e13: 359.43573
    e20: 0
    e21: 0
    e22: 360
    e23: 0
    e30: 0
    e31: 0
    e32: 0
    e33: 1
  mAlpha: 1
  mDebugInfo: 1
  mClipping: 0
  mClipRange: {x: 0, y: 0, z: 0, w: 0}
  mClipSoftness: {x: 40, y: 40}
